<record><leader>00000cas a2200000 a 4500</leader><controlfield tag="001">11423272</controlfield><controlfield tag="008">841127d18721873ksuwr ne      0    0eng d</controlfield><controlfield tag="009">3781</controlfield><datafield ind1=" " ind2=" " tag="010"><subfield code="a">sn 84027685 </subfield></datafield><datafield ind1=" " ind2=" " tag="040"><subfield code="a">NPU</subfield><subfield code="b">eng</subfield><subfield code="c">NPU</subfield><subfield code="d">NPT</subfield><subfield code="d">NPX</subfield><subfield code="d">OCL</subfield></datafield><datafield ind1=" " ind2=" " tag="042"><subfield code="a">msc</subfield></datafield><datafield ind1="0" ind2=" " tag="130"><subfield code="a">Topeka weekly times (Topeka, Kan. : 1872)</subfield></datafield><datafield ind1="0" ind2="0" tag="245"><subfield code="a">Topeka weekly times.</subfield></datafield><datafield ind1=" " ind2=" " tag="260"><subfield code="a">North Topeka [i.e., Topeka], Kan. :</subfield><subfield code="b">J.V. Admire &amp; G.W. Carey,</subfield><subfield code="c">1872-1873.</subfield></datafield><datafield ind1=" " ind2=" " tag="300"><subfield code="a">2 v. ;</subfield><subfield code="c">49-59 cm.</subfield></datafield><datafield ind1=" " ind2=" " tag="310"><subfield code="a">Weekly</subfield></datafield><datafield ind1="0" ind2=" " tag="362"><subfield code="a">Vol. 2, no. 16 (July 4, 1872)-v. 3, no. 24 (Sept. 7, 1873).</subfield></datafield><datafield ind1=" " ind2=" " tag="500"><subfield code="a">Publishers: G.W. Carey, Oct. 24, 1872-Feb. 6, 1873; J.V. Admire, Sept. 7, 1873.</subfield></datafield><datafield ind1=" " ind2=" " tag="500"><subfield code="a">Proprietor: G.W. Carey, &lt;1872&gt;.</subfield></datafield><datafield ind1=" " ind2=" " tag="500"><subfield code="a">Editor: J.V. Admire, &lt;1872&gt;.</subfield></datafield><datafield ind1=" " ind2=" " tag="752"><subfield code="a">United States</subfield><subfield code="b">Kansas</subfield><subfield code="c">Shawnee</subfield><subfield code="d">Topeka.</subfield></datafield><datafield ind1=" " ind2=" " tag="752"><subfield code="a">United States</subfield><subfield code="b">Kansas</subfield><subfield code="c">Shawnee</subfield><subfield code="d">North Topeka.</subfield></datafield><datafield ind1="0" ind2="0" tag="780"><subfield code="t">North Topeka times (Topeka, Kan. : 1871)</subfield><subfield code="w">(DLC)sn 85067182</subfield></datafield><datafield ind1="0" ind2="0" tag="785"><subfield code="t">Topeka times</subfield><subfield code="w">(DLC)sn 82015705</subfield></datafield></record>